@unknown{author1,
author = {Piskunov, Alexei},
year = {2021},
month = {08},
pages = {},
title = {Документирование процесса разработки ПО}
}
@unknown{author2,
author = {А.Г.Пискунов , У.И.Мартыненко},
year = {2023},
month = {02},
pages = {},
title = {Умножение с произвольной точностью вкольце целых}
}
